<?xml version='1.0' encoding='UTF-8'?>
<record xmlns="http://www.loc.gov/MARC21/slim">
  <leader>01288cam a2200241 a 4500</leader>
  <controlfield tag="001">499073</controlfield>
  <controlfield tag="003">NjP</controlfield>
  <controlfield tag="005">20170605131017.0</controlfield>
  <controlfield tag="008">890313s1979    ir       b    000|0 ara d</controlfield>
  <datafield tag="024" ind1="7" ind2=" ">
    <subfield code="a">princeton_aco003288</subfield>
    <subfield code="2">local</subfield>
  </datafield>
  <datafield ind1=" " ind2=" " tag="035">
    <subfield code="a">(OCoLC)26004400</subfield>
  </datafield>
  <datafield ind1=" " ind2=" " tag="035">
    <subfield code="a">(CStRLIN)NJPG89-B12488</subfield>
  </datafield>
  <datafield ind1=" " ind2=" " tag="035">
    <subfield code="9">ACH4841TS</subfield>
  </datafield>
  <datafield ind1=" " ind2=" " tag="040">
    <subfield code="a">NjP</subfield>
    <subfield code="c">NjP</subfield>
  </datafield>
  <datafield ind1="1" ind2=" " tag="100">
    <subfield code="a">Ṣadr, Muḥammad Ṣādiq,</subfield>
    <subfield code="d">1943-1999.</subfield>
    <subfield code="0">http://id.loc.gov/authorities/names/nr92021388</subfield>
  </datafield>
  <datafield ind1="1" ind2="3" tag="245">
    <subfield code="a">al-Yawm al-mawʻūd bayna al-fikr al-maddī wa-al-dīnī :</subfield>
    <subfield code="b">yatakaffala īḍāḥ al-mustaqbal al-saʻīd al-mawʻūd lil-basharīyah fī al-ḥaqlayn al-Mārksī wa-al-Islāmī wa-al-badīl al-ṣāliḥ ʻan "al-Māddīyah al-tārīkhīyah /</subfield>
    <subfield code="c">taʼlīf Muḥammad al-Ṣadr.</subfield>
  </datafield>
  <datafield ind1=" " ind2=" " tag="260">
    <subfield code="a">Iṣfahān :</subfield>
    <subfield code="b">Maktabat al-Imām Amīr al-Muʼminīn ʻAlī al-ʻĀmmah,</subfield>
    <subfield code="c">1400 [1979 or 1980]</subfield>
  </datafield>
  <datafield ind1=" " ind2=" " tag="300">
    <subfield code="a">666 p. ;</subfield>
    <subfield code="c">25 cm.</subfield>
  </datafield>
  <datafield ind1="1" ind2=" " tag="490">
    <subfield code="a">Mawsūʻat al-Imām al-Mahdī ;</subfield>
    <subfield code="v">al-kitāb 4</subfield>
  </datafield>
  <datafield ind1=" " ind2=" " tag="504">
    <subfield code="a">Includes bibliographical references (p. 663-666).</subfield>
  </datafield>
  <datafield ind1=" " ind2="0" tag="650">
    <subfield code="a">Communism and Islam.</subfield>
    <subfield code="0">http://id.loc.gov/authorities/subjects/sh85029146</subfield>
  </datafield>
  <datafield ind1="1" ind2=" " tag="800">
    <subfield code="a">Ṣadr, Muḥammad Ṣādiq,</subfield>
    <subfield code="d">1943-1999.</subfield>
    <subfield code="t">Mawsʻūat al-Imām al-Mahdī ;</subfield>
    <subfield code="v">al-kitāb 4.</subfield>
  </datafield>
  <datafield ind1=" " ind2=" " tag="998">
    <subfield code="a">05/29/92</subfield>
    <subfield code="s">9118</subfield>
    <subfield code="n">NjP</subfield>
    <subfield code="w">NJPG89B12488</subfield>
    <subfield code="d">03/13/89</subfield>
    <subfield code="c">JAB</subfield>
    <subfield code="b">JAB</subfield>
    <subfield code="i">920529</subfield>
    <subfield code="l">NJPG</subfield>
  </datafield>
  <datafield ind1=" " ind2=" " tag="911">
    <subfield code="a">19921028</subfield>
  </datafield>
  <datafield ind1=" " ind2=" " tag="912">
    <subfield code="a">19920529000000.0</subfield>
  </datafield>
  <datafield ind1="0" ind2="0" tag="852">
    <subfield code="0">542906</subfield>
    <subfield code="b">rcppa</subfield>
    <subfield code="t">1</subfield>
    <subfield code="h">BP193</subfield>
    <subfield code="i">.S337</subfield>
    <subfield code="x">tr fr arab</subfield>
  </datafield>
  <datafield ind1=" " ind2=" " tag="959">
    <subfield code="a">2000-06-13 00:00:00 -0500</subfield>
  </datafield>
</record>
